% refs.bib

@article{blondel2024elementsdifferentiableprogramming,
  title     = {Elements of Differentiable Programming},
  author    = {Mathieu Blondel and Michaël Arbel and Andreas Loukas and Théo Trouillon},
  year      = {2024},
  note      = {Draft available at \url{https://mathieu.founta.in/differentiable-programming/book.pdf}}
}

@article{DBLP:journals/corr/abs-1907-07587,
  author       = {Mike Innes and
                  Alan Edelman and
                  Keno Fischer and
                  Christopher Rackauckas and
                  Elliot Saba and
                  Viral B. Shah and
                  Will Tebbutt},
  title        = {A Differentiable Programming System to Bridge Machine Learning and
                  Scientific Computing},
  journal      = {CoRR},
  volume       = {abs/1907.07587},
  year         = {2019},
  url          = {http://arxiv.org/abs/1907.07587},
  eprinttype   = {arXiv},
  eprint       = {1907.07587},
  biburl       = {https://dblp.org/rec/journals/corr/abs-1907-07587.bib},
  bibsource    = {dblp computer science bibliography, https://dblp.org}
}

@article{vandemeulebroucke2018myia,
  title     = {Myia: An Experimental Ahead-of-Time Compiled, Statically Typed, Purely Functional Language and Compiler for Machine Learning},
  author    = {Etienne Vandemeulebroucke and Frédéric Bastien and Olivier Breuleux},
  journal   = {arXiv preprint arXiv:1810.11530},
  year      = {2018},
  url       = {http://arxiv.org/abs/1810.11530},
  eprinttype = {arXiv},
  eprint     = {1810.11530}
}
