@article{DBLP:journals/corr/abs-1907-07587,
  author       = {Mike Innes and
                  Alan Edelman and
                  Keno Fischer and
                  Christopher Rackauckas and
                  Elliot Saba and
                  Viral B. Shah and
                  Will Tebbutt},
  title        = {A Differentiable Programming System to Bridge Machine Learning and
                  Scientific Computing},
  journal      = {CoRR},
  volume       = {abs/1907.07587},
  year         = {2019},
  url          = {http://arxiv.org/abs/1907.07587},
  eprinttype    = {arXiv},
  eprint       = {1907.07587},
  timestamp    = {Tue, 23 Jul 2019 10:54:22 +0200},
  biburl       = {https://dblp.org/rec/journals/corr/abs-1907-07587.bib},
  bibsource    = {dblp computer science bibliography, https://dblp.org}
}

@article{Li:2018:DPI,
    title = {Differentiable programming for image processing and deep learning in {Halide}},
    author = {Li, Tzu-Mao and Gharbi, Micha{\"e}l and Adams, Andrew and Durand, Fr{\'e}do and Ragan-Kelley, Jonathan},
    journal = {ACM Trans. Graph. (Proc. SIGGRAPH)},
    volume = {37},
    number = {4},
    pages = {139:1--139:13},
    year = {2018}
}

@article{DBLP:journals/corr/abs-1810-11530,
  author       = {Bart van Merri{\"{e}}nboer and
                  Olivier Breuleux and
                  Arnaud Bergeron and
                  Pascal Lamblin},
  title        = {Automatic differentiation in {ML:} Where we are and where we should
                  be going},
  journal      = {CoRR},
  volume       = {abs/1810.11530},
  year         = {2018},
  url          = {http://arxiv.org/abs/1810.11530},
  eprinttype    = {arXiv},
  eprint       = {1810.11530},
  timestamp    = {Wed, 31 Oct 2018 14:24:29 +0100},
  biburl       = {https://dblp.org/rec/journals/corr/abs-1810-11530.bib},
  bibsource    = {dblp computer science bibliography, https://dblp.org}
}

@misc{blondel2024elementsdifferentiableprogramming,
      title={The Elements of Differentiable Programming}, 
      author={Mathieu Blondel and Vincent Roulet},
      year={2024},
      eprint={2403.14606},
      archivePrefix={arXiv},
      primaryClass={cs.LG},
      url={https://arxiv.org/abs/2403.14606}, 
}
