% refs.bib

@misc{blondel2024elementsdifferentiableprogramming,
      title={The Elements of Differentiable Programming}, 
      author={Mathieu Blondel and Vincent Roulet},
      year={2024},
      eprint={2403.14606},
      archivePrefix={arXiv},
      primaryClass={cs.LG},
      url={https://arxiv.org/abs/2403.14606}, 
}

@article{DBLP:journals/corr/abs-1907-07587,
  author       = {Mike Innes and
                  Alan Edelman and
                  Keno Fischer and
                  Christopher Rackauckas and
                  Elliot Saba and
                  Viral B. Shah and
                  Will Tebbutt},
  title        = {A Differentiable Programming System to Bridge Machine Learning and
                  Scientific Computing},
  journal      = {CoRR},
  volume       = {abs/1907.07587},
  year         = {2019},
  url          = {http://arxiv.org/abs/1907.07587},
  eprinttype   = {arXiv},
  eprint       = {1907.07587},
  biburl       = {https://dblp.org/rec/journals/corr/abs-1907-07587.bib},
  bibsource    = {dblp computer science bibliography, https://dblp.org}
}

@article{vandemeulebroucke2018myia,
  title     = {Myia: An Experimental Ahead-of-Time Compiled, Statically Typed, Purely Functional Language and Compiler for Machine Learning},
  author    = {Etienne Vandemeulebroucke and Frédéric Bastien and Olivier Breuleux},
  journal   = {arXiv preprint arXiv:1810.11530},
  year      = {2018},
  url       = {http://arxiv.org/abs/1810.11530},
  eprinttype = {arXiv},
  eprint     = {1810.11530}
}

@software{Considine_Kotlin_A_Shape-Safe_2019,
author = {Considine, Breandan and Famelis, Michalis and Paull, Liam},
doi = {10.5281/zenodo.3549076},
month = nov,
title = {{Kotlingrad: A Shape-Safe eDSL for Differentiable Programming}},
url = {https://doi.org/10.5281/zenodo.3549076},
version = {0.4.6},
year = {2019}
}
@article{DBLP:journals/corr/abs-1910-07454,
  author       = {Zhiyuan Li and
                  Sanjeev Arora},
  title        = {An Exponential Learning Rate Schedule for Deep Learning},
  journal      = {CoRR},
  volume       = {abs/1910.07454},
  year         = {2019},
  url          = {http://arxiv.org/abs/1910.07454},
  eprinttype    = {arXiv},
  eprint       = {1910.07454},
  timestamp    = {Mon, 25 Nov 2019 14:34:48 +0100},
  biburl       = {https://dblp.org/rec/journals/corr/abs-1910-07454.bib},
  bibsource    = {dblp computer science bibliography, https://dblp.org}
}
